@inproceedings{Jenkins2017,
    title = {{A Case Study in Computational Caching Microservices for HPC}},
    year = {2017},
    booktitle = {2017 IEEE International Parallel and Distributed Processing Symposium Workshops (IPDPSW)},
    author = {Jenkins, John and Shipman, Galen and Mohd-Yusof, Jamaludin and Barros, Kipton and Carns, Philip and Ross, Robert},
    month = {5},
    pages = {1309--1316},
    publisher = {IEEE},
    address = {Lake Buena Vista, FL, USA},
    isbn = {978-1-5386-3408-0},
    doi = {10.1109/IPDPSW.2017.40}
}

@inproceedings{Benchara2017,
    title = {{A new efficient distributed computing middleware based on cloud micro-services for HPC}},
    year = {2016},
    booktitle = {2016 5th International Conference on Multimedia Computing and Systems (ICMCS)},
    author = {Benchara, Fatema Zahra and Youssfi, Mohamed and Bouattane, Omar and Ouajji, Hassan},
    number = {Section 3},
    month = {9},
    pages = {354--359},
    publisher = {IEEE},
    isbn = {978-1-5090-5146-5},
    doi = {10.1109/ICMCS.2016.7905644},
    keywords = {Cloud Computing, High Performance Computing, Load balancing, Micro-services, Middleware, Parallel and Distributed Computing}
}

@inproceedings{Do2017,
    title = {{A scalable routing mechanism for stateful microservices}},
    year = {2017},
    booktitle = {Proceedings of the 2017 20th Conference on Innovations in Clouds, Internet and Networks, ICIN 2017},
    author = {Do, Nam H. and Van Do, Tien and Thi Tran, Xuan and Farkas, Lorant and Rotter, Csaba},
    month = {3},
    pages = {72--78},
    publisher = {IEEE},
    address = {Paris, France},
    isbn = {9781509036721},
    doi = {10.1109/ICIN.2017.7899252}
}

@inproceedings{Toffetti2015,
    title = {{An architecture for self-managing microservices}},
    year = {2015},
    booktitle = {Proceedings of the 1st International Workshop on Automated Incident Management in Cloud - AIMC '15},
    author = {Toffetti, Giovanni and Brunner, Sandro and Bl{\"{o}}chlinger, Martin and Dudouet, Florian and Edmonds, Andrew},
    pages = {19--24},
    publisher = {ACM Press},
    address = {Bordeaux, France},
    isbn = {9781450334761},
    doi = {10.1145/2747470.2747474},
    arxivId = {1511.02043}
}

@inproceedings{Casalicchio2017,
    title = {{Auto-Scaling of Containers: The Impact of Relative and Absolute Metrics}},
    year = {2017},
    booktitle = {Proceedings - 2017 IEEE 2nd International Workshops on Foundations and Applications of Self* Systems, FAS*W 2017},
    author = {Casalicchio, Emiliano and Perciballi, Vanessa},
    month = {9},
    pages = {207--214},
    publisher = {IEEE},
    address = {Tucson, AZ, USA},
    isbn = {9781509065585},
    doi = {10.1109/FAS-W.2017.149},
    keywords = {Container, Docker, Internet of Service, Microservices, Monitoring, Performance evaluation}
}

@article{Al-Dhuraibi2017,
    title = {{Autonomic Vertical Elasticity of Docker Containers with ELASTICDOCKER}},
    year = {2017},
    journal = {IEEE International Conference on Cloud Computing, CLOUD},
    author = {Al-Dhuraibi, Yahya and Paraiso, Fawaz and Djarallah, Nabil and Merle, Philippe},
    pages = {472--479},
    volume = {2017-June},
    isbn = {9781538619933},
    doi = {10.1109/CLOUD.2017.67},
    issn = {21596190},
    keywords = {Cloud computing, Container, Docker, Live migration, Vertical elasticity}
}

@inproceedings{Klinaku2018,
    title = {{CAUS: An Elasticity Controller for a Containerized Microservice}},
    year = {2018},
    booktitle = {Companion of the 2018 ACM/SPEC International Conference on Performance Engineering},
    author = {Klinaku, Floriment and Frank, Markus and Becker, Steffen},
    pages = {93--98},
    publisher = {ACM Press},
    address = {Berlin, Germany},
    isbn = {9781450356299},
    doi = {10.1145/3185768.3186296},
    keywords = {cloud-computing, containers, elasticity, extra-capacity, horizontal-scaling, over-provisioning, threshold-based}
}

@inproceedings{Moradi2017,
    title = {{ConMon: An automated container based network performance monitoring system}},
    year = {2017},
    booktitle = {Proceedings of the IM 2017 - 2017 IFIP/IEEE International Symposium on Integrated Network and Service Management},
    author = {Moradi, Farnaz and Flinta, Christofer and Johnsson, Andreas and Meirosu, Catalin},
    month = {5},
    pages = {54--62},
    publisher = {IEEE},
    address = {Lisbon, Portugal},
    isbn = {9783901882890},
    doi = {10.23919/INM.2017.7987264}
}

@inproceedings{Zhang2017a,
    title = {{Container based video surveillance cloud service with fine-grained resource provisioning}},
    year = {2017},
    booktitle = {IEEE International Conference on Cloud Computing, CLOUD},
    author = {Zhang, Haitao and Ma, Huadong and Fu, Guangping and Yang, Xianda and Jiang, Zhe and Gao, Yangyang},
    month = {6},
    pages = {758--765},
    publisher = {IEEE},
    address = {San Francisco, CA, USA},
    isbn = {9781509026197},
    doi = {10.1109/CLOUD.2016.103},
    keywords = {Cloud computing, Container, Resource prediction, Resource provisioning, Video surveillance}
}

@inproceedings{Singh2017,
    title = {{Container-based microservice architecture for cloud applications}},
    year = {2017},
    booktitle = {2017 International Conference on Computing, Communication and Automation (ICCCA)},
    author = {Singh, Vindeep and Peddoju, Sateesh K},
    month = {5},
    pages = {847--852},
    publisher = {IEEE},
    isbn = {978-1-5090-6471-7},
    doi = {10.1109/CCAA.2017.8229914},
    keywords = {application scaling, cloud, computing, containers, microservice design, monolithic design, virtualization}
}

@article{Julian2016,
    title = {{Containers in Research: Initial Experiences with Lightweight Infrastructure}},
    year = {2016},
    journal = {Proceedings of the XSEDE16 Conference on Diversity, Big Data, and Science at Scale},
    author = {Julian, Spencer and Shuey, Michael and Cook, Seth},
    pages = {25:1--25:6},
    publisher = {ACM Press},
    address = {New York, New York, USA},
    isbn = {978-1-4503-4755-6},
    doi = {10.1145/2949550.2949562},
    keywords = {Docker, LXC, cgroups, container}
}

@inproceedings{Barna2017,
    title = {{Delivering Elastic Containerized Cloud Applications to Enable DevOps}},
    year = {2017},
    booktitle = {Proceedings - 2017 IEEE/ACM 12th International Symposium on Software Engineering for Adaptive and Self-Managing Systems, SEAMS 2017},
    author = {Barna, Cornel and Khazaei, Hamzeh and Fokaefs, Marios and Litoiu, Marin},
    month = {5},
    pages = {65--75},
    publisher = {IEEE},
    isbn = {9781538615508},
    doi = {10.1109/SEAMS.2017.12},
    keywords = {autonomic management systems, cloud computing, containers, continuous delivery, devops, multi-tier big data applications, performance models, scaling}
}

@article{Shah2017,
    title = {{Dependency Analysis of Cloud Applications for Performance Monitoring using Recurrent Neural Networks}},
    year = {2017},
    journal = {2017 IEEE International Conference on Big Data (Big Data)},
    author = {Shah, Syed Yousaf and Yuan, Zengwen and Lu, Songwu and Zerfos, Petros},
    month = {12},
    pages = {1534--1543},
    publisher = {IEEE},
    address = {Boston, MA, USA},
    isbn = {9781538627150},
    doi = {10.1109/BigData.2017.8258087}
}

@inproceedings{Kookarinrat2016,
    title = {{Design and implementation of a decentralized message bus for microservices}},
    year = {2016},
    booktitle = {2016 13th International Joint Conference on Computer Science and Software Engineering, JCSSE 2016},
    author = {Kookarinrat, Pakorn and Temtanapat, Yaowadee},
    month = {7},
    pages = {1--6},
    publisher = {IEEE},
    isbn = {9781509020331},
    doi = {10.1109/JCSSE.2016.7748869},
    keywords = {message bus, microservices, software architecture}
}

@article{Suresh2017,
    title = {{Distributed Resource Management Across Process Boundaries}},
    year = {2017},
    journal = {Lalith Suresh},
    author = {Suresh, Lalith and Bodik, Peter and Canini Kaust, Marco and Ciucu, Florin},
    pages = {611--623},
    volume = {1},
    publisher = {ACM Press},
    address = {New York, New York, USA},
    isbn = {9781450350280},
    doi = {10.1145/3127479.3132020},
    keywords = {Microservices, Rate Limiting, Resource Management, Scheduling., Service-Oriented Architectures}
}

@inproceedings{Khazaei2017,
    title = {{Efficiency analysis of provisioning microservices}},
    year = {2017},
    booktitle = {Proceedings of the International Conference on Cloud Computing Technology and Science, CloudCom},
    author = {Khazaei, Hamzeh and Barna, Cornel and Beigi-Mohammadi, Nasim and Litoiu, Marin},
    month = {12},
    pages = {261--268},
    publisher = {IEEE},
    isbn = {9781509014453},
    doi = {10.1109/CloudCom.2016.0051},
    keywords = {Infrastructure-as-a-Service, Markov chain, Platform-as-a-Service, cloud computing, container, microservice, performance analysis, stochastic process, virtualization}
}

@article{Khazaei2017a,
    title = {{Elascale: Autoscaling and Monitoring as a Service}},
    year = {2017},
    journal = {Proceedings of the 27th Annual International Conference on Computer Science and Software Engineering},
    author = {Khazaei, Hamzeh and Ravichandiran, Rajsimman and Park, Byungchul and Bannazadeh, Hadi and Tizghadam, Ali and Leon-Garcia, Alberto},
    pages = {234--240},
    publisher = {IBM Corp.},
    arxivId = {1711.03204},
    keywords = {auto-scalability, cloud application, containers, docker, elasticsearch, macroservices, microservices, monitoring, scalability as a service}
}

@article{Villamizar2015,
    title = {{Evaluating the Monolithic and the Microservice Architecture Pattern to Deploy Web Applications in the Cloud Evaluando el Patr{\'{o}}n de Arquitectura Monol{\'{i}}tica y de Micro Servicios Para Desplegar Aplicaciones en la Nube}},
    year = {2015},
    journal = {10th Computing Colombian Conference},
    author = {Villamizar, Mario and Garc{\'{e}}s, Oscar and Castro, Harold and Verano, Mauricio and Salamanca, Lorena and Gil, Santiago},
    month = {9},
    pages = {583--590},
    publisher = {IEEE},
    address = {Bogota, Colombia},
    isbn = {9781467394642},
    doi = {10.1109/ColumbianCC.2015.7333476},
    keywords = {a colombian software company, and mapeo, architectures, cloud computing, infrastructure as a, microservices, project sponsored by colciencias, result of a research, scalable applications, service oriented, soa, this paper is the}
}

@misc{Zhang2017,
    title = {{Going Fast and Fair: Latency Optimization for Cloud-Based Service Chains}},
    year = {2017},
    booktitle = {IEEE Network},
    author = {Zhang, Yuchao and Xu, Ke and Wang, Haiyang and Li, Qi and Li, Tong and Cao, Xuan},
    number = {2},
    month = {3},
    pages = {138--143},
    volume = {32},
    address = {Beijing, China},
    doi = {10.1109/MNET.2017.1700275},
    keywords = {Acceleration, Algorithm design and analysis, Cloud computing, Heuristic algorithms, Optimization, Resource management, Servers}
}

@inproceedings{Florio2016,
    title = {{Gru: An approach to introduce decentralized autonomic behavior in microservices architectures}},
    year = {2016},
    booktitle = {Proceedings - 2016 IEEE International Conference on Autonomic Computing, ICAC 2016},
    author = {Florio, Luca and Di Nitto, Elisabetta},
    month = {7},
    pages = {357--362},
    publisher = {IEEE},
    address = {Wurzburg, Germany},
    isbn = {9781509016532},
    doi = {10.1109/ICAC.2016.25},
    keywords = {Docker, containers, decentralized, microservices, self-adaptation}
}

@inproceedings{Gotin2018,
    title = {{Investigating Performance Metrics for Scaling Microservices in CloudIoT-Environments}},
    year = {2018},
    booktitle = {Proceedings of the 2018 ACM/SPEC International Conference on Performance Engineering - ICPE '18},
    author = {Gotin, Manuel and L{\"{o}}sch, Felix and Heinrich, Robert and Reussner, Ralf},
    pages = {157--167},
    publisher = {ACM Press},
    address = {New York, New York, USA},
    isbn = {9781450350952},
    doi = {10.1145/3184407.3184430},
    keywords = {auto-scaler, cloud computing, internet of things (IoT), message queues, microservices, performance, performance metrics, threshold-based rules}
}

@misc{Kiss2017,
    title = {{MiCADO-Microservice-based Cloud Application-level Dynamic Orchestrator}},
    year = {2017},
    booktitle = {Future Generation Computer Systems},
    author = {Kiss, Tamas and Kacsuk, Peter and Kovacs, Jozsef and Rakoczi, Botond and Hajnal, Akos and Farkas, Attila and Gesmier, Gregoire and Terstyanszky, Gabor},
    month = {9},
    publisher = {North-Holland},
    address = {Budapest, Hungary},
    isbn = {0167-739X},
    doi = {10.1016/j.future.2017.09.050},
    keywords = {Automated scalability, Cloud orchestration, Data Avenue, Science gateway}
}

@article{Hasselbring2016,
    title = {{Microservices for Scalability: Keynote Talk Abstract}},
    year = {2016},
    journal = {Proceedings of the 7th ACM/SPEC on International Conference on Performance Engineering},
    author = {Hasselbring, Wilhelm},
    pages = {133--134},
    publisher = {ACM Press},
    url = {http://dl.acm.org/citation.cfm?doid=2851553.2858659 http://doi.acm.org/10.1145/2851553.2858659},
    address = {New York, New York, USA},
    isbn = {978-1-4503-4080-9},
    doi = {10.1145/2851553.2858659},
    keywords = {microservices, monitoring, scalability}
}

@inproceedings{Alipour2017,
    title = {{Online machine learning for cloud resource provisioning of microservice backend systems}},
    year = {2017},
    booktitle = {2017 IEEE International Conference on Big Data (Big Data)},
    author = {Alipour, Hanieh and Liu, Yan},
    month = {12},
    pages = {2433--2441},
    publisher = {IEEE},
    url = {http://ieeexplore.ieee.org/document/8258201/},
    address = {Boston, MA, USA},
    isbn = {978-1-5386-2715-0},
    doi = {10.1109/BigData.2017.8258201}
}

@inproceedings{Salah2017,
    title = {{Performance comparison between container-based and VM-based services}},
    year = {2017},
    booktitle = {2017 20th Conference on Innovations in Clouds, Internet and Networks (ICIN)},
    author = {Salah, Tasneem and Zemerly, M Jamal and Yeun, Chan Yeob and Al-Qutayri, Mahmoud and Al-Hammadi, Yousof},
    month = {3},
    pages = {185--190},
    volume = {2},
    publisher = {IEEE},
    url = {http://ieeexplore.ieee.org/document/7899408/},
    isbn = {978-1-5090-3672-1},
    doi = {10.1109/ICIN.2017.7899408},
    keywords = {cloud computing, docker containers, investigate and assess the, machines, microservices, motivation for, on bare-metal hardware, our research work in, performance evaluation, this was the primary, virtual, which we aim to}
}

@inproceedings{Heinrich2017,
    title = {{Performance Engineering for Microservices}},
    year = {2017},
    booktitle = {Proceedings of the 8th ACM/SPEC on International Conference on Performance Engineering Companion - ICPE '17 Companion},
    author = {Heinrich, Robert and van Hoorn, André and Knoche, Holger and Li, Fei and Lwakatare, Lucy Ellen and Pahl, Claus and Schulte, Stefan and Wettinger, Johannes},
    pages = {223--226},
    publisher = {ACM Press},
    url = {http://dl.acm.org/citation.cfm?doid=3053600.3053653},
    address = {New York, New York, USA},
    isbn = {9781450348997},
    doi = {10.1145/3053600.3053653},
    keywords = {continuous delivery, microservices, software performance engineering}
}

@article{Amaral2016,
    title = {{Performance evaluation of microservices architectures using containers}},
    year = {2016},
    journal = {Proceedings - 2015 IEEE 14th International Symposium on Network Computing and Applications, NCA 2015},
    author = {Amaral, Marcelo and Polo, Jordà and Carrera, David and Mohomed, Iqbal and Unuvar, Merve and Steinder, Malgorzata},
    pages = {27--34},
    isbn = {0769556817},
    doi = {10.1109/NCA.2015.49},
    arxivId = {1511.02043},
    keywords = {Containers, Microservices, Networking, Performance Evaluation}
}

@article{Gribaudo2018,
    title = {{Performance Evaluation of Replication Policies in Microservice Based Architectures}},
    year = {2018},
    journal = {Electronic Notes in Theoretical Computer Science},
    author = {Gribaudo, Marco and Iacono, Mauro and Manini, Daniele},
    month = {5},
    pages = {45--65},
    volume = {337},
    publisher = {Elsevier},
    doi = {10.1016/j.entcs.2018.03.033}
}

@article{Lloyd2018,
    title = {{Serverless Computing : An Investigation of Factors Influencing Microservice Performance}},
    year = {2018},
    journal = {2018 IEEE International Conference on Cloud Engineering (IC2E)},
    author = {Lloyd, Wes and Ramesh, Shruti and Chinthalapati, Swetha and Ly, Lan and Pallickara, Shrideep},
    month = {4},
    pages = {159--169},
    publisher = {IEEE},
    isbn = {978-1-5386-5008-0},
    doi = {10.1109/IC2E.2018.00039},
    keywords = {advent of cloud computing, computing, driving a paradigm shift, function-as-a-service, itself, provisioning variation, resource management and performance, rivaling a scale not, seen since the, serverless}
}

@article{Perez2018,
    title = {{Serverless computing for container-based architectures}},
    year = {2018},
    journal = {Future Generation Computer Systems},
    author = {P{\'{e}}rez, Alfonso and Molt{\'{o}}, Germán and Caballer, Miguel and Calatrava, Amanda},
    month = {6},
    pages = {50--59},
    volume = {83},
    publisher = {North-Holland},
    doi = {10.1016/j.future.2018.01.022},
    keywords = {AWS lambda, Cloud computing, Docker, Elasticity, Serverless}
}

@inproceedings{Patros2017,
    title = {{SLO request modeling, reordering and scaling}},
    year = {2017},
    booktitle = {Proceedings of the 27th Annual International Conference on Computer Science and Software Engineering},
    author = {Patros, Panagiotis and Kent, Kenneth B. and Dawson, Michael},
    pages = {180--191},
    publisher = {IBM Corp.},
    address = {Markham, Ontario, Canada}
}

@inproceedings{Lopez2017,
    title = {{Towards Quantifiable Boundaries for Elastic Horizontal Scaling of Microservices}},
    year = {2017},
    booktitle = {Companion Proceedings of the10th International Conference on Utility and Cloud Computing - UCC '17 Companion},
    author = {L{\'{o}}pez, Manuel Ramírez and Spillner, Josef},
    pages = {35--40},
    publisher = {ACM Press},
    address = {New York, New York, USA},
    isbn = {9781450351959},
    doi = {10.1145/3147234.3148111},
    keywords = {microservices, optimization, replication, scalability}
}

@inproceedings{BenHadjYahia2016,
    title = {{Towards Scalable Service Composition}},
    year = {2016},
    booktitle = {Proceedings of the Industrial Track of the 17th International Middleware Conference on - Middleware Industry '16},
    author = {Ben Hadj Yahia, Elyas and Gonzalez-Herrera, Inti and Bayle, Anthony and Bromberg, Yérom-David and R{\'{e}}veill{\`{e}}re, Laurent},
    pages = {1--6},
    publisher = {ACM Press},
    address = {New York, New York, USA},
    isbn = {9781450346641},
    doi = {10.1145/3007646.3007655},
    keywords = {Distributed systems, Microservices, Scalability, Service orchestration, Web composition}
}

@article{Khomh2018,
    title = {{Understanding the Impact of Cloud Patterns on Performance and Energy Consumption}},
    year = {2018},
    journal = {Journal of Systems and Software},
    author = {Khomh, Foutse and Abtahizadeh, S. Amirhossein},
    month = {7},
    pages = {151--170},
    volume = {141},
    publisher = {Elsevier},
    doi = {10.1016/j.jss.2018.03.063}
}

@inproceedings{Ueda2016,
    title = {{Workload characterization for microservices}},
    year = {2016},
    booktitle = {Proceedings of the 2016 IEEE International Symposium on Workload Characterization, IISWC 2016},
    author = {Ueda, Takanori and Nakaike, Takuya and Ohara, Moriyoshi},
    month = {9},
    pages = {85--94},
    publisher = {IEEE},
    address = {Providence, RI, USA},
    isbn = {9781509038954},
    doi = {10.1109/IISWC.2016.7581269},
    keywords = {Container, Docker, Java, Microservice architecture, Microservices, Node.js, WebSphere Liberty}
}

@inproceedings{Klock2017,
    title = {{Workload-Based Clustering of Coherent Feature Sets in Microservice Architectures}},
    year = {2017},
    booktitle = {Proceedings - 2017 IEEE International Conference on Software Architecture, ICSA 2017},
    author = {Klock, Sander and Van Der Werf, Jan Martijn E.M. and Guelen, Jan Pieter and Jansen, Slinger},
    month = {4},
    pages = {11--20},
    publisher = {IEEE},
    address = {Gothenburg, Sweden},
    isbn = {9781509057290},
    doi = {10.1109/ICSA.2017.38},
    keywords = {Microservices, Model Driven Engineering, Performance, Refactoring, Scalability, workload}
}

@inproceedings{Morabito2017AGateways,
    title = {{A Framework based on SDN and Containers for Dynamic Service Chains on IoT Gateways}},
    year = {2017},
    booktitle = {Proceedings of the Workshop on Hot Topics in Container Networking and Networked Systems - HotConNet '17},
    author = {Morabito, Roberto and Beijar, Nicklas},
    pages = {42--47},
    publisher = {ACM Press},
    url = {http://dl.acm.org/citation.cfm?doid=3094405.3094413},
    address = {New York, New York, USA},
    isbn = {9781450350587},
    doi = {10.1145/3094405.3094413},
    keywords = {Container Virtualization, Internet of Things, Microservices, Service Chaining, Software Defined Networking}
}

@article{Yu2018AApplications,
    title = {{A survey on security issues in services communication of Microservices-enabled fog applications}},
    year = {2018},
    journal = {Concurrency and Computation: Practice and Experience},
    author = {Yu, Dongjin and Jin, Yike and Zhang, Yuqun and Zheng, Xi},
    month = {2},
    pages = {e4436},
    publisher = {Wiley-Blackwell},
    url = {http://doi.wiley.com/10.1002/cpe.4436},
    doi = {10.1002/cpe.4436},
    issn = {15320626},
    keywords = {Microservices, container, data, network, permission, security}
}

@inproceedings{Alshuqayran2016AArchitecture,
    title = {{A systematic mapping study in microservice architecture}},
    year = {2016},
    booktitle = {Proceedings - 2016 IEEE 9th International Conference on Service-Oriented Computing and Applications, SOCA 2016},
    author = {Alshuqayran, Nuha and Ali, Nour and Evans, Roger},
    month = {11},
    pages = {44--51},
    publisher = {IEEE},
    url = {http://ieeexplore.ieee.org/document/7796008/},
    address = {Brighton, UK},
    isbn = {9781509047819},
    doi = {10.1109/SOCA.2016.15}
}

@inproceedings{Ollesch2016AdaptiveServices,
    title = {{Adaptive steering of cyber-physical systems with atomic complex event processing services}},
    year = {2016},
    booktitle = {Proceedings of the 10th ACM International Conference on Distributed and Event-based Systems - DEBS '16},
    author = {Ollesch, Julius},
    pages = {402--405},
    publisher = {ACM Press},
    url = {http://dl.acm.org/citation.cfm?doid=2933267.2933427},
    address = {New York, New York, USA},
    isbn = {9781450340212},
    doi = {10.1145/2933267.2933427},
    keywords = {architecture, complex event processing, cyber-physical systems, internet of things, microservices, real-time analytics, sensor networks, spatio-temporal processing, web services}
}

@inproceedings{deCamargo2016AnMicroservices,
    title = {{An architecture to automate performance tests on microservices}},
    year = {2016},
    booktitle = {Proceedings of the 18th International Conference on Information Integration and Web-based Applications and Services - iiWAS '16},
    author = {de Camargo, André and Salvadori, Ivan and Mello, Ronaldo dos Santos and Siqueira, Frank},
    pages = {422--429},
    publisher = {ACM Press},
    url = {http://dl.acm.org/citation.cfm?doid=3011141.3011179},
    address = {New York, New York, USA},
    isbn = {9781450348072},
    doi = {10.1145/3011141.3011179},
    keywords = {microservices, performance test, test automation}
}

@article{Nikravesh2017AnProvisioning,
    title = {{An autonomic prediction suite for cloud resource provisioning}},
    year = {2017},
    journal = {Journal of Cloud Computing},
    author = {Nikravesh, Ali Yadavar and Ajila, Samuel A. and Lung, Chung-Horng},
    number = {1},
    month = {12},
    pages = {3},
    volume = {6},
    publisher = {IEEE Press},
    isbn = {978-0-7695-5567-6},
    doi = {10.1186/s13677-017-0073-4},
    keywords = {Auto-scaling, Cloud computing, Cloud resource provisioning, Decision fusion technique, Empirical risk minimization, Multi-layer perceptron, Multi-layer perceptron with weight decay, Structural risk minimization, Workload pattern}
}

@inproceedings{Rosa2014AnMechanisms,
    title = {{An Experimental Tool for Elasticity Management through Prediction Mechanisms}},
    year = {2014},
    booktitle = {2014 IEEE/ACM 7th International Conference on Utility and Cloud Computing},
    author = {Rosa, Bruno A. and Frederico, Vinicius A. and Bittencourt, Luiz F. and Pereira, Marcelo B. and Hisatomi, Kayo S.},
    month = {12},
    pages = {511--516},
    publisher = {IEEE},
    isbn = {978-1-4799-7881-6},
    doi = {10.1109/UCC.2014.76}
}

@inproceedings{Marru2015ApacheLaboratory,
    title = {{Apache Airavata as a Laboratory}},
    year = {2015},
    booktitle = {Proceedings of the 1st Workshop on The Science of Cyberinfrastructure Research, Experience, Applications and Models - SCREAM '15},
    author = {Marru, Suresh and Pierce, Marlon and Pamidighantam, Sudhakar and Wimalasena, Chathuri},
    pages = {19--26},
    publisher = {ACM Press},
    url = {http://dl.acm.org/citation.cfm?doid=2753524.2753529},
    address = {Portland, Oregon, USA},
    isbn = {9781450335669},
    doi = {10.1145/2753524.2753529}
}

@article{Posadas2017ApplicationPeru,
    title = {{Application of mixed distributed software architectures for social-productive projects management in peru}},
    year = {2017},
    journal = {Proceedings of the 2017 IEEE 24th International Congress on Electronics, Electrical Engineering and Computing, INTERCON 2017},
    author = {Posadas, Jorge Valenzuela},
    pages = {0--3},
    isbn = {9781509063628},
    doi = {10.1109/INTERCON.2017.8079698},
    keywords = {API, IaaS, PaaS, REST, SOA, agile development, cloud computing, digital e-government, infraestructure as a service, microservices architecture, monolithic, platform as a service, portafolio financial management, project financial management, scalability, service oriented architecture}
}

@article{Higashino2017ApplicationArchitecture,
    title = {{Application of Mobile Agent Technology to MicroService Architecture}},
    year = {2017},
    journal = {Proceedings of the 19th International Conference on Information Integration and Web-based Applications {\&} Services - iiWAS '17},
    author = {Higashino, Masayuki},
    pages = {526--529},
    publisher = {ACM Press},
    address = {Salzburg, Austria},
    isbn = {9781450352994},
    doi = {10.1145/3151759.3151840},
    keywords = {2017, acm reference format, application of mobile agent, masayuki higashino, microservice, mobile agent, technology to mi-, web service}
}

@article{Barrett2013ApplyingCloud,
    title = {{Applying reinforcement learning towards automating resource allocation and application scalability in the cloud}},
    year = {2013},
    journal = {Concurrency Computation Practice and Experience},
    author = {Barrett, Enda and Howley, Enda and Duggan, Jim},
    number = {12},
    month = {8},
    pages = {1656--1674},
    volume = {25},
    publisher = {Wiley-Blackwell},
    isbn = {2007015102},
    doi = {10.1002/cpe.2864},
    pmid = {23335858},
    arxivId = {arXiv:1302.5679v1},
    keywords = {cloud computing, reinforcement learning, resource scaling}
}

@article{Pahl2018ArchitecturalSoftware,
    title = {{Architectural Principles for Cloud Software}},
    year = {2018},
    journal = {ACM Transactions on Internet Technology},
    author = {Pahl, Claus and Jamshidi, Pooyan and Zimmermann, Olaf},
    number = {2},
    month = {2},
    pages = {1--23},
    volume = {18},
    publisher = {ACM},
    url = {http://dl.acm.org/citation.cfm?doid=3182619.3104028},
    doi = {10.1145/3104028},
    issn = {15335399},
    keywords = {Cloud computing, adaptive system, architectural style, cloud-native, control theory, devops, microservice, model-based controller, software architecture, uncertainty}
}

@article{Hoque2018ArchitectureData,
    title = {{Architecture for Analysis of Streaming Data}},
    year = {2018},
    journal = {2018 IEEE International Conference on Cloud Engineering (IC2E)},
    author = {Hoque, Sheik and Miranskyy, Andriy},
    month = {4},
    pages = {263--269},
    publisher = {IEEE},
    url = {https://ieeexplore.ieee.org/document/8360338/ http://arxiv.org/abs/1805.01025},
    isbn = {978-1-5386-5008-0},
    doi = {10.1109/IC2E.2018.00053},
    arxivId = {1805.01025}
}

@inproceedings{Brilhante2017AsynchronousMicroservices,
    title = {{Asynchronous Queue Based Approach for Building Reactive Microservices}},
    year = {2017},
    booktitle = {Proceedings of the 23rd Brazillian Symposium on Multimedia and the Web - WebMedia '17},
    author = {Brilhante, Jonathan and Costa, Rostand and Maritan, Tiago},
    pages = {373--380},
    publisher = {ACM Press},
    url = {http://dl.acm.org/citation.cfm?doid=3126858.3126873},
    address = {New York, New York, USA},
    isbn = {9781450350969},
    doi = {10.1145/3126858.3126873},
    keywords = {asynchronous queues, micro services, reactive approach, refactoring}
}

@article{Kukade2015Auto-ScalingContainerization,
    title = {{Auto-Scaling of Micro-Services Using Containerization}},
    year = {2015},
    author = {Kukade, Priyanka P and Kale, Prof Geetanjali},
    number = {9},
    pages = {2013--2016},
    volume = {4},
    keywords = {International Journal of Science and Research (IJS, cloud computing, paas, sla, virtualization}
}

@article{DaRosaRighi2016Autoelastic:Cloud,
    title = {{Autoelastic: Automatic resource elasticity for high performance applications in the cloud}},
    year = {2016},
    journal = {IEEE Transactions on Cloud Computing},
    author = {Da Rosa Righi, Rodrigo and Rodrigues, Vinicius Facco and Da Costa, Cristiano André and Galante, Guilherme and De Bona, Luis Carlos Erpen and Ferreto, Tiago},
    number = {1},
    month = {1},
    pages = {6--19},
    volume = {4},
    doi = {10.1109/TCC.2015.2424876},
    keywords = {Asynchronism, Cloud elasticity, High-performance computing, Resource management, Self-organizing}
}

@inproceedings{Beernaert2012AutomaticOpenStack,
    title = {{Automatic elasticity in OpenStack}},
    year = {2012},
    booktitle = {Proceedings of the Workshop on Secure and Dependable Middleware for Cloud Monitoring and Management},
    author = {Beernaert, Leander and Matos, Miguel and Vila{\c{c}}a, Ricardo and Oliveira, Rui},
    number = {December},
    pages = {1--6},
    publisher = {ACM Press},
    address = {Montreal, Quebec, Canada},
    isbn = {9781450316156},
    doi = {10.1145/2405186.2405188},
    keywords = {ability, adaptation, automatization, cloud computing, elasticity, middleware, scal-}
}

@inproceedings{Bogner2017AutomaticallySystems,
    title = {{Automatically measuring the maintainability of service- and microservice-based systems}},
    year = {2017},
    booktitle = {Proceedings of the 27th International Workshop on Software Measurement and 12th International Conference on Software Process and Product Measurement on - IWSM Mensura '17},
    author = {Bogner, Justus and Wagner, Stefan and Zimmermann, Alfred},
    pages = {107--115},
    publisher = {ACM Press},
    url = {http://dl.acm.org/citation.cfm?doid=3143434.3143443},
    address = {Gothenburg, Sweden},
    isbn = {9781450348539},
    doi = {10.1145/3143434.3143443}
}

@inproceedings{Schermann2016BifrostStrategies,
    title = {{Bifrost – Supporting Continuous Deployment with Automated Enactment of Multi-Phase Live Testing Strategies}},
    year = {2016},
    booktitle = {Proceedings of the 17th International Middleware Conference on - Middleware '16},
    author = {Schermann, Gerald and Sch{\"{o}}ni, Dominik and Leitner, Philipp and Gall, Harald C.},
    pages = {1--14},
    publisher = {ACM Press},
    url = {http://dl.acm.org/citation.cfm?doid=2988336.2988348},
    address = {New York, New York, USA},
    isbn = {9781450343008},
    doi = {10.1145/2988336.2988348},
    keywords = {A/B Testing, Canary Releases, Continuous Deployment, Microservices, Release Engineering}
}

@article{Kurochkin2016BOINCDevelopment1,
    title = {{BOINC Forks, Issues and Directions of Development1}},
    year = {2016},
    journal = {Procedia Computer Science},
    author = {Kurochkin, Ilya and Saevskiy, Anatoliy},
    pages = {369--378},
    volume = {101},
    url = {http://linkinghub.elsevier.com/retrieve/pii/S1877050916327120},
    doi = {10.1016/j.procs.2016.11.043},
    issn = {18770509}
}

@inproceedings{Yan2016BuildingComputing,
    title = {{Building a Chatbot with Serverless Computing}},
    year = {2016},
    booktitle = {Proceedings of the 1st International Workshop on Mashups of Things and APIs - MOTA '16},
    author = {Yan, Mengting and Castro, Paul and Cheng, Perry and Ishakian, Vatche},
    pages = {1--4},
    publisher = {ACM Press},
    url = {http://dl.acm.org/citation.cfm?doid=3007203.3007217},
    address = {New York, New York, USA},
    isbn = {9781450346696},
    doi = {10.1145/3007203.3007217},
    keywords = {FaaS, Serverless, bots, cloud computing}
}

@inproceedings{Bankole2013CloudEnvironment,
    title = {{Cloud Client Prediction Models for Cloud Resource Provisioning in a Multitier Web Application Environment}},
    year = {2013},
    booktitle = {2013 IEEE Seventh International Symposium on Service-Oriented System Engineering},
    author = {Bankole, Akindele A. and Ajila, Samuel A.},
    month = {3},
    pages = {156--161},
    publisher = {IEEE},
    address = {Ottawa, Canada},
    isbn = {978-0-7695-4944-6},
    doi = {10.1109/SOSE.2013.40},
    pmid = {25246403},
    arxivId = {arXiv:1011.1669v3},
    keywords = {Cloud computing, Component, Machine learning, Resource prediction, Resource provisioning}
}

@book{Marinescu2013CloudPractice,
    title = {{Cloud Computing Theory and Practice}},
    year = {2013},
    booktitle = {Cloud Computing},
    author = {Marinescu, Dan C.},
    pages = {21--65},
    publisher = {Morgan Kaufmann},
    isbn = {9780124046276},
    doi = {10.1016/B978-0-12-404627-6.00002-6},
    keywords = {Atomic actions, Causal history, Client-server paradigm, Communication protocols and coordination, Concurrency, Consensus protocols, Global state of a process group, Logical clocks, Message delivery rules, Petri nets}
}

@article{Borges2018CloudCloud,
    title = {{Cloud restriction solver: A refactoring-based approach to migrate applications to the cloud}},
    year = {2018},
    journal = {Information and Software Technology},
    author = {Borges, Marcos and Barros, Erick and Maia, Paulo Henrique},
    month = {3},
    pages = {346--365},
    volume = {95},
    url = {http://linkinghub.elsevier.com/retrieve/pii/S0950584917301799},
    doi = {10.1016/j.infsof.2017.11.014},
    issn = {09505849}
}

@article{Llantos2017CloudificationEducation,
    title = {{Cloudification of my.eskwela for e-Governance in Philippine Education}},
    year = {2017},
    journal = {Procedia Computer Science},
    author = {Llantos, Orven E.},
    pages = {680--685},
    volume = {109},
    url = {http://linkinghub.elsevier.com/retrieve/pii/S1877050917310451},
    doi = {10.1016/j.procs.2017.05.376},
    issn = {18770509}
}

@article{2015Contents,
    title = {{Contents}},
    year = {2015},
    journal = {Procedia Computer Science},
    pages = {iii},
    volume = {68},
    url = {http://linkinghub.elsevier.com/retrieve/pii/S1877050915031506},
    doi = {10.1016/S1877-0509(15)03150-6},
    issn = {18770509}
}

@article{Cerny2018ContextualArchitecture,
    title = {{Contextual understanding of microservice architecture}},
    year = {2018},
    journal = {ACM SIGAPP Applied Computing Review},
    author = {Cerny, Tomas and Donahoo, Michael J. and Trnka, Michal},
    number = {4},
    month = {1},
    pages = {29--45},
    volume = {17},
    publisher = {ACM},
    url = {http://dl.acm.org/citation.cfm?doid=3183628.3183631},
    isbn = {9781450350273},
    doi = {10.1145/3183628.3183631},
    issn = {15596915},
    keywords = {SOA, architectures, microservices, self-contained systems, survey, systematic mapping study}
}

@incollection{Erder2016ContinuousDelivery,
    title = {{Continuous Architecture and Continuous Delivery}},
    year = {2016},
    booktitle = {Continuous Architecture},
    author = {Erder, Murat and Pureur, Pierre},
    pages = {103--129},
    publisher = {Elsevier},
    url = {http://linkinghub.elsevier.com/retrieve/pii/B9780128032848000051},
    doi = {10.1016/B978-0-12-803284-8.00005-1}
}

@incollection{Erder2016ContinuousPractice,
    title = {{Continuous Architecture in Practice}},
    year = {2016},
    booktitle = {Continuous Architecture},
    author = {Erder, Murat and Pureur, Pierre},
    pages = {161--185},
    publisher = {Elsevier},
    url = {http://linkinghub.elsevier.com/retrieve/pii/B9780128032848000075},
    doi = {10.1016/B978-0-12-803284-8.00007-5}
}

@inproceedings{Nider2016Cross-ISAMigration,
    title = {{Cross-ISA Container Migration}},
    year = {2016},
    booktitle = {Proceedings of the 9th ACM International on Systems and Storage Conference - SYSTOR '16},
    author = {Nider, Joel and Rapoport, Mike},
    pages = {1--1},
    publisher = {ACM Press},
    url = {http://dl.acm.org/citation.cfm?doid=2928275.2933275},
    address = {New York, New York, USA},
    isbn = {9781450343817},
    doi = {10.1145/2928275.2933275},
    keywords = {cloud computing, containers, heterogeneous architecture, power efficiency}
}

@inproceedings{Boissier2017Data-DrivenMarkets,
    title = {{Data-Driven Repricing Strategies in Competitive Markets}},
    year = {2017},
    booktitle = {Proceedings of the Eleventh ACM Conference on Recommender Systems - RecSys '17},
    author = {Boissier, Martin and Schlosser, Rainer and Podlesny, Nikolai and Serth, Sebastian and Bornstein, Marvin and Latt, Johanna and Lindemann, Jan and Selke, Jan and Uflacker, Matthias},
    pages = {355--357},
    publisher = {ACM Press},
    url = {http://dl.acm.org/citation.cfm?doid=3109859.3109979},
    address = {New York, New York, USA},
    isbn = {9781450346528},
    doi = {10.1145/3109859.3109979},
    keywords = {demand learning, dynamic pricing, microservice architecture, oligopoly competition, simulation}
}

@article{Haselbock2017DecisionCases,
    title = {{Decision Guidance Models for Microservices – Requirements and Use Cases}},
    year = {2017},
    journal = {Proceedings of the Fifth European Conference on the Engineering of Computer-Based Systems - ECBS '17},
    author = {Haselb{\"{o}}ck, Stefan and Weinreich, Rainer and Buchgeher, Georg},
    pages = {1--10},
    publisher = {ACM Press},
    url = {http://dl.acm.org/citation.cfm?doid=3123779.3123804},
    address = {New York, New York, USA},
    isbn = {9781450348430},
    doi = {10.1145/3123779.3123804},
    keywords = {a change in, action research, and also the change, decision guidance models, largely autonomous teams, microservices, of the relationship, tar, team responsibility, technical, which also goes with}
}

@inproceedings{Akkermans2017DemoIoT,
    title = {{Demo Abstract: Niflheim - End-to-End Middleware for Applications Across all Tiers of the IoT}},
    year = {2017},
    booktitle = {Proceedings of the 15th ACM Conference on Embedded Network Sensor Systems - SenSys '17},
    author = {Akkermans, Sven and Small, Nicolas and Joosen, Wouter and Hughes, Danny},
    pages = {1--2},
    publisher = {ACM Press},
    url = {http://dl.acm.org/citation.cfm?doid=3131672.3136975},
    address = {New York, New York, USA},
    isbn = {9781450354592},
    doi = {10.1145/3131672.3136975},
    keywords = {Internet of Things, Middleware, Mist Computing}
}

@inproceedings{Andersen2017DemocratizingEnvironment,
    title = {{Democratizing authority in the built environment}},
    year = {2017},
    booktitle = {Proceedings of the 4th ACM International Conference on Systems for Energy-Efficient Built Environments - BuildSys '17},
    author = {Andersen, Michael P and Kolb, John and Chen, Kaifei and Culler, David E. and Katz, Randy},
    pages = {1--10},
    publisher = {ACM Press},
    url = {http://dl.acm.org/citation.cfm?doid=3137133.3137151},
    address = {New York, New York, USA},
    isbn = {9781450355445},
    doi = {10.1145/3137133.3137151},
    keywords = {built environment, federation, microservices, syndication}
}

@incollection{Bass2016Deployability,
    title = {{Deployability}},
    year = {2016},
    booktitle = {Software Quality Assurance},
    author = {Bass, Len},
    pages = {xxiii-xxvii},
    publisher = {Elsevier},
    url = {http://linkinghub.elsevier.com/retrieve/pii/B9780128023013000193},
    doi = {10.1016/B978-0-12-802301-3.00019-3}
}

@inproceedings{Villari2017DeploymentComputing,
    title = {{Deployment orchestration of microservices with geographical constraints for Edge computing}},
    year = {2017},
    booktitle = {Proceedings - IEEE Symposium on Computers and Communications},
    author = {Villari, Massimo and Celesti, Antonio and Tricomi, Giuseppe and Galletta, Antonino and Fazio, Maria},
    month = {7},
    pages = {633--638},
    publisher = {IEEE},
    url = {http://ieeexplore.ieee.org/document/8024599/},
    isbn = {9781538616291},
    doi = {10.1109/ISCC.2017.8024599},
    issn = {15301346},
    keywords = {Cloud computing, Deployment, Edge Computing, Microservices, Orchestration}
}

@article{Fallis2013DoCloud:AnDocker,
    title = {{DoCloud:An Elastic Cloud Platform for Web Applications Based on Docker}},
    year = {2013},
    journal = {Journal of Chemical Information and Modeling},
    author = {Fallis, A.G},
    number = {9},
    pages = {1689--1699},
    volume = {53},
    isbn = {9788578110796},
    doi = {10.1017/CBO9781107415324.004},
    issn = {1098-6596},
    pmid = {25246403},
    arxivId = {arXiv:1011.1669v3},
    keywords = {icle}
}

@inproceedings{Roy2011EfficientForecasting,
    title = {{Efficient autoscaling in the cloud using predictive models for workload forecasting}},
    year = {2011},
    booktitle = {Proceedings - 2011 IEEE 4th International Conference on Cloud Computing, CLOUD 2011},
    author = {Roy, Nilabja and Dubey, Abhishek and Gokhale, Aniruddha},
    month = {7},
    pages = {500--507},
    publisher = {IEEE},
    address = {Washington, DC, USA},
    isbn = {9780769544601},
    doi = {10.1109/CLOUD.2011.42},
    keywords = {Autoscaling, Predictive models, Workload forecasting}
}

@inproceedings{Molto2013ElasticRequirements,
    title = {{Elastic memory management of virtualized infrastructures for applications with dynamic memory requirements}},
    year = {2013},
    booktitle = {Procedia Computer Science},
    author = {Molt{\'{o}}, Germán and Caballer, Miguel and Romero, Eloy and De Alfonso, Carlos},
    month = {1},
    pages = {159--168},
    volume = {18},
    publisher = {Elsevier},
    address = {Valencia, Spain},
    doi = {10.1016/j.procs.2013.05.179},
    keywords = {Cloud computing, Cluster computing, Elasticity, Virtualization}
}

@article{Righi2013ElasticidadeDesafios,
    title = {{Elasticidade em cloud computing: conceito, estado da arte e novos desafios}},
    year = {2013},
    journal = {Revista Brasileira de Computa{\c{c}}{\~{a}}o Aplicada},
    author = {Righi, Rodrigo Da Rosa},
    number = {2},
    month = {11},
    pages = {2--17},
    volume = {5},
    doi = {10.5335/rbca.2013.3084},
    keywords = {Computa{\c{c}}{\~{a}}o em nuvem, elasticidade, ger{\^{e}}ncia de recursos, virtualiza{\c{c}}{\~{a}}o.}
}

@article{Al-Dhuraibi2017ElasticityChallenges,
    title = {{Elasticity in Cloud Computing: State of the Art and Research Challenges}},
    year = {2017},
    journal = {IEEE Transactions on Services Computing},
    author = {Al-Dhuraibi, Yahya and Paraiso, Fawaz and Djarallah, Nabil and Merle, Philippe},
    number = {c},
    pages = {1--1},
    volume = {1374},
    url = {http://ieeexplore.ieee.org/document/7937885/},
    doi = {10.1109/TSC.2017.2711009},
    issn = {1939-1374}
}

@article{Suram2018EngineeringPlatform,
    title = {{Engineering design analysis utilizing a cloud platform}},
    year = {2018},
    journal = {Advances in Engineering Software},
    author = {Suram, Sunil and MacCarty, Nordica A. and Bryden, Kenneth M.},
    month = {1},
    pages = {374--385},
    volume = {115},
    url = {http://linkinghub.elsevier.com/retrieve/pii/S0965997817303733},
    doi = {10.1016/j.advengsoft.2017.10.004},
    issn = {09659978}
}

@inproceedings{Brunner2015ExperimentalDesign,
    title = {{Experimental Evaluation of the Cloud-Native Application Design}},
    year = {2015},
    booktitle = {Proceedings - 2015 IEEE/ACM 8th International Conference on Utility and Cloud Computing, UCC 2015},
    author = {Brunner, Sandro and Blochlinger, Martin and Toffetti, Giovanni and Spillner, Josef and Bohnert, Thomas Michael},
    pages = {488--493},
    address = {Limassol, Cyprus},
    isbn = {9780769556970},
    doi = {10.1109/UCC.2015.87},
    keywords = {cloud computing, cloud development, cloud native, elasticity, microservices, monitoring, resilience, scalability, self-management}
}

@incollection{Gao2018FrameworksAnalytics,
    title = {{Frameworks for Big Data Integration, Warehousing, and Analytics}},
    year = {2018},
    booktitle = {Big Data Application in Power Systems},
    author = {Gao, Feng},
    pages = {57--73},
    publisher = {Elsevier},
    url = {http://linkinghub.elsevier.com/retrieve/pii/B9780128119686000048},
    doi = {10.1016/B978-0-12-811968-6.00004-8}
}

@inproceedings{Chen2017FromApproach,
    title = {{From Monolith to Microservices: A Dataflow-Driven Approach}},
    year = {2017},
    booktitle = {2017 24th Asia-Pacific Software Engineering Conference (APSEC)},
    author = {Chen, Rui and Li, Shanshan and Li, Zheng},
    month = {12},
    pages = {466--475},
    publisher = {IEEE},
    address = {Nanjing, China},
    isbn = {978-1-5386-3681-7},
    doi = {10.1109/APSEC.2017.53},
    keywords = {business logic, data flow, decomposition, microservices, monolith}
}

@incollection{2016Glossary,
    title = {{Glossary}},
    year = {2016},
    booktitle = {Continuous Architecture},
    pages = {295--297},
    publisher = {Elsevier},
    url = {http://linkinghub.elsevier.com/retrieve/pii/B9780128032848000245},
    doi = {10.1016/B978-0-12-803284-8.00024-5}
}

@book{Birman2012GuideSystems,
    title = {{Guide to Reliable Distributed Systems}},
    year = {2012},
    author = {Birman, Kenneth P.},
    pages = {730},
    series = {Texts in Computer Science},
    publisher = {Springer London},
    address = {London},
    isbn = {978-1-4471-2415-3},
    doi = {10.1007/978-1-4471-2416-0},
    keywords = {Assurance, Client/Server, Peer to Peer, Transactional Systems, Web Services}
}

@inproceedings{Harms2017GuidelinesSystems,
    title = {{Guidelines for adopting frontend architectures and patterns in microservices-based systems}},
    year = {2017},
    booktitle = {Proceedings of the 2017 11th Joint Meeting on Foundations of Software Engineering - ESEC/FSE 2017},
    author = {Harms, Holger and Rogowski, Collin and Lo Iacono, Luigi},
    pages = {902--907},
    publisher = {ACM Press},
    url = {http://dl.acm.org/citation.cfm?doid=3106237.3117775},
    address = {New York, New York, USA},
    isbn = {9781450351058},
    doi = {10.1145/3106237.3117775},
    keywords = {Design patterns, Frontend architecture, Microservices}
}

@incollection{Gorton2017HyperscalabilityArchitecture,
    title = {{Hyperscalability – The Changing Face of Software Architecture}},
    year = {2017},
    booktitle = {Software Architecture for Big Data and the Cloud},
    author = {Gorton, Ian},
    pages = {13--31},
    publisher = {Elsevier},
    url = {http://linkinghub.elsevier.com/retrieve/pii/B9780128054673000028},
    doi = {10.1016/B978-0-12-805467-3.00002-8}
}

@article{Moreno-Vozmediano2012IaaSInfrastructures,
    title = {{IaaS Cloud Architecture: From Virtualized Datacenters to Federated Cloud Infrastructures}},
    year = {2012},
    journal = {Computer},
    author = {Moreno-Vozmediano, Rafael and {Montero} and Llorente, Ignacio M.},
    number = {12},
    month = {12},
    pages = {65--72},
    volume = {45},
    doi = {10.1109/MC.2012.76},
    keywords = {distributed systems, emerging technologies, service management, system management}
}

@incollection{2017Index,
    title = {{Index}},
    year = {2017},
    booktitle = {Application Performance Management (APM) in the Digital Enterprise},
    pages = {271--283},
    publisher = {Elsevier},
    url = {http://linkinghub.elsevier.com/retrieve/pii/B9780128040188180015},
    doi = {10.1016/B978-0-12-804018-8.18001-5}
}

@incollection{2016Index,
    title = {{Index}},
    year = {2016},
    booktitle = {Continuous Architecture},
    pages = {299--303},
    publisher = {Elsevier},
    url = {http://linkinghub.elsevier.com/retrieve/pii/B9780128032848000257},
    doi = {10.1016/B978-0-12-803284-8.00025-7}
}

@incollection{2018Index,
    title = {{Index}},
    year = {2018},
    booktitle = {Big Data Application in Power Systems},
    pages = {445--453},
    publisher = {Elsevier},
    url = {http://linkinghub.elsevier.com/retrieve/pii/B9780128119686099873},
    doi = {10.1016/B978-0-12-811968-6.09987-3}
}

@article{Jeffery2016InitialRoadmap,
    title = {{Initial 2016 HOLACloud Roadmap}},
    year = {2016},
    journal = {Procedia Computer Science},
    author = {Jeffery, Keith G. and Schubert, Lutz},
    pages = {157--166},
    volume = {97},
    url = {http://linkinghub.elsevier.com/retrieve/pii/S1877050916321123},
    doi = {10.1016/j.procs.2016.08.296},
    issn = {18770509}
}

@article{Chen2017IntegratedEnablers,
    title = {{Integrated and Intelligent Manufacturing: Perspectives and Enablers}},
    year = {2017},
    journal = {Engineering},
    author = {Chen, Yubao},
    number = {5},
    month = {10},
    pages = {588--595},
    volume = {3},
    url = {http://linkinghub.elsevier.com/retrieve/pii/S2095809917307105},
    doi = {10.1016/J.ENG.2017.04.009},
    issn = {20958099}
}

@inproceedings{Fetzer2017IntegratingSERECA,
    title = {{Integrating Reactive Cloud Applications in SERECA}},
    year = {2017},
    booktitle = {Proceedings of the 12th International Conference on Availability, Reliability and Security - ARES '17},
    author = {Fetzer, Christof and Mazzeo, Giovanni and Oliver, John and Romano, Luigi and Verburg, Martijn},
    pages = {1--8},
    publisher = {ACM Press},
    url = {http://dl.acm.org/citation.cfm?doid=3098954.3105820},
    address = {New York, New York, USA},
    isbn = {9781450352574},
    doi = {10.1145/3098954.3105820},
    keywords = {Cloud Security, Intel SGX, Microservice, vert.x}
}

@article{Zhong2017IntelligentReview,
    title = {{Intelligent Manufacturing in the Context of Industry 4.0: A Review}},
    year = {2017},
    journal = {Engineering},
    author = {Zhong, Ray Y. and Xu, Xun and Klotz, Eberhard and Newman, Stephen T.},
    number = {5},
    month = {10},
    pages = {616--630},
    volume = {3},
    url = {http://linkinghub.elsevier.com/retrieve/pii/S2095809917307130},
    doi = {10.1016/J.ENG.2017.05.015},
    issn = {20958099}
}

@incollection{Huang2018Introduction,
    title = {{Introduction}},
    year = {2018},
    booktitle = {Mobile Cloud Computing},
    author = {Huang, Dijiang and Wu, Huijun},
    pages = {87--89},
    publisher = {Elsevier},
    url = {http://linkinghub.elsevier.com/retrieve/pii/B9780128096413000053},
    doi = {10.1016/B978-0-12-809641-3.00005-3}
}

@incollection{Huang2018Introductionb,
    title = {{Introduction}},
    year = {2018},
    booktitle = {Mobile Cloud Computing},
    author = {Huang, Dijiang and Wu, Huijun},
    pages = {1--3},
    publisher = {Elsevier},
    url = {http://linkinghub.elsevier.com/retrieve/pii/B9780128096413000016},
    doi = {10.1016/B978-0-12-809641-3.00001-6}
}

@incollection{Bahsoon2017Introduction.Requirements,
    title = {{Introduction. Software Architecture for Cloud and Big Data: An Open Quest for the Architecturally Significant Requirements}},
    year = {2017},
    booktitle = {Software Architecture for Big Data and the Cloud},
    author = {Bahsoon, Rami and Ali, Nour and Heisel, Maritta and Maxim, Bruce and Mistrik, Ivan},
    pages = {1--10},
    publisher = {Elsevier},
    url = {http://linkinghub.elsevier.com/retrieve/pii/B9780128054673000016},
    doi = {10.1016/B978-0-12-805467-3.00001-6}
}

@article{Nahri2018IoVAnalytics,
    title = {{IoV distributed architecture for real-time traffic data analytics}},
    year = {2018},
    journal = {Procedia Computer Science},
    author = {Nahri, Mohamed and Boulmakoul, Azedine and Karim, Lamia and Lbath, Ahmed},
    pages = {480--487},
    volume = {130},
    url = {http://linkinghub.elsevier.com/retrieve/pii/S1877050918304083},
    doi = {10.1016/j.procs.2018.04.055},
    issn = {18770509}
}

@inproceedings{Brebner2012IsEnough,
    title = {{Is your cloud elastic enough?}},
    year = {2012},
    booktitle = {Proceedings of the third joint WOSP/SIPEW international conference on Performance Engineering - ICPE '12},
    author = {Brebner, Paul C.},
    number = {1},
    pages = {263},
    publisher = {ACM Press},
    address = {Boston, Massachusetts, USA},
    isbn = {9781450312028},
    doi = {10.1145/2188286.2188334},
    keywords = {cloud, elasticity, iaas}
}

@article{Brook2018Loom:Management,
    title = {{Loom: Complex large-scale visual insight for large hybrid IT infrastructure management}},
    year = {2018},
    journal = {Future Generation Computer Systems},
    author = {Brook, James and Cuadrado, Felix and Deliot, Eric and Guijarro, Julio and Hawkes, Rycharde and Lotz, Marco and Pascal, Romaric and Sae-Lor, Suksant and Vaquero, Luis M. and Varvenne, Joan and Wilcock, Lawrence},
    month = {3},
    pages = {47--62},
    volume = {80},
    url = {http://linkinghub.elsevier.com/retrieve/pii/S0167739X16303843},
    doi = {10.1016/j.future.2017.08.013},
    issn = {0167739X}
}

@incollection{Sturm2017ManagingApplications,
    title = {{Managing Containerized Applications}},
    year = {2017},
    booktitle = {Application Performance Management (APM) in the Digital Enterprise},
    author = {Sturm, Rick and Pollard, Carol and Craig, Julie},
    pages = {177--185},
    publisher = {Elsevier},
    url = {http://linkinghub.elsevier.com/retrieve/pii/B9780128040188000139},
    doi = {10.1016/B978-0-12-804018-8.00013-9}
}

@inproceedings{Casalicchio2017MeasuringPerformance,
    title = {{Measuring Docker Performance}},
    year = {2017},
    booktitle = {Proceedings of the 8th ACM/SPEC on International Conference on Performance Engineering Companion - ICPE '17 Companion},
    author = {Casalicchio, Emiliano and Perciballi, Vanessa},
    pages = {11--16},
    publisher = {ACM Press},
    url = {http://dl.acm.org/citation.cfm?doid=3053600.3053605},
    address = {New York, New York, USA},
    isbn = {9781450348997},
    doi = {10.1145/3053600.3053605},
    keywords = {cloud computing, container, docker, internet of service, microservices, monitoring, performance evaluation}
}

@article{Walsh2017MechanismsCommunication,
    title = {{Mechanisms for Mutual Attested Microservice Communication}},
    year = {2017},
    journal = {UCC'17 Companion},
    author = {Walsh, Kevin and Manferdelli, John and Walsh, Kevin and Manferdelli, John},
    pages = {59--64},
    publisher = {ACM Press},
    url = {http://dl.acm.org/citation.cfm?doid=3147234.3148102 https://dl.acm.org/citation.cfm?id=3147234.3148102},
    address = {New York, New York, USA},
    isbn = {9781450351959},
    doi = {10.1145/3147234.3148102},
    keywords = {Cloud, Examining current, Proposing their own, mechanisms, usage of Docker}
}

@misc{Fowler2014Microservices,
    title = {{Microservices}},
    year = {2014},
    author = {Fowler, Martin and Lewis, James},
    url = {https://martinfowler.com/articles/microservices.html}
}

@article{Zimmermann2017MicroservicesDeployment,
    title = {{Microservices tenets: Agile approach to service development and deployment}},
    year = {2017},
    journal = {Computer Science - Research and Development},
    author = {Zimmermann, Olaf},
    number = {3-4},
    month = {7},
    pages = {301--310},
    volume = {32},
    publisher = {Springer Berlin Heidelberg},
    doi = {10.1007/s00450-016-0337-0},
    keywords = {Architectural principles, Architectural styles, DevOps, Domain-driven design, IDEAL cloud application architectures, Loose coupling, Messaging, Patterns, REST, SOA, Service-oriented computing, Systems management}
}

@inproceedings{Gallipeau2017Microservices:Virtualization,
    title = {{Microservices: Building blocks to new workflows and virtualization}},
    year = {2017},
    booktitle = {SMPTE 2017 Annual Technical Conference and Exhibition},
    author = {Gallipeau, Darren and Kudrle, Sara},
    month = {10},
    pages = {1--16},
    publisher = {IEEE},
    url = {http://ieeexplore.ieee.org/document/8281425/},
    isbn = {978-1-61482-959-1},
    doi = {10.5594/M001793}
}

@inproceedings{Shadija2017Microservices:Performance,
    title = {{Microservices: Granularity vs. Performance}},
    year = {2017},
    booktitle = {Companion Proceedings of the10th International Conference on Utility and Cloud Computing - UCC '17 Companion},
    author = {Shadija, Dharmendra and Rezai, Mo and Hill, Richard},
    pages = {215--220},
    volume = {6},
    publisher = {ACM Press},
    url = {http://dl.acm.org/citation.cfm?doid=3147234.3148093 http://ieeexplore.ieee.org/document/8247166/%0Ahttp://dl.acm.org/citation.cfm?doid=3147234.3148093},
    address = {New York, New York, USA},
    isbn = {9781450351959},
    doi = {10.1145/3147234.3148093},
    issn = {2169-3536},
    arxivId = {1710.09918},
    keywords = {Internet of Things, Microservice Architecture, performance, software engineering}
}

@incollection{2018MobileManagement,
    title = {{Mobile Cloud Resource Management}},
    year = {2018},
    booktitle = {Mobile Cloud Computing},
    pages = {223--244},
    publisher = {Elsevier},
    url = {http://linkinghub.elsevier.com/retrieve/pii/B978012809641300020X},
    doi = {10.1016/B978-0-12-809641-3.00020-X}
}

@article{RuizPaz2017ModelSaaS,
    title = {{Model of dynamic orchestration for SaaS}},
    year = {2017},
    journal = {Revista Ingenier{\'{i}}as Universidad de Medell{\'{i}}n},
    author = {Ruiz Paz, Sergio Fabián and Santaolaya Salgado, René and Fragoso D{\'{i}}az, Olivia G.},
    number = {31},
    month = {12},
    pages = {143--153},
    volume = {16},
    publisher = {Universidad de Medell{\'{i}}n},
    url = {http://revistas.udem.edu.co/index.php/ingenierias/article/view/1934},
    doi = {10.22395/rium.v16n31a7},
    issn = {16923324},
    keywords = {atomic services, cloud computing, computa{\c{c}}{\~{a}}o em nuvem, dynamic orchestration, flujos de trabajo, fluxos de trabalho, micro, microservices, microsservi{\c{c}}os, nube computacional, orquestaci{\'{o}}n din{\'{a}}mica, orquestra{\c{c}}{\~{a}}o din{\^{a}}mica, servicios, servicios at{\'{o}}micos, servi{\c{c}}os at{\^{o}}micos, software as a service, software como servicio, software como servi{\c{c}}o, workflow}
}

@inproceedings{Dullmann2017Model-drivenApproaches,
    title = {{Model-driven Generation of Microservice Architectures for Benchmarking Performance and Resilience Engineering Approaches}},
    year = {2017},
    booktitle = {Proceedings of the 8th ACM/SPEC on International Conference on Performance Engineering Companion - ICPE '17 Companion},
    author = {D{\"{u}}llmann, Thomas F. and van Hoorn, André},
    pages = {171--172},
    publisher = {ACM Press},
    url = {http://dl.acm.org/citation.cfm?doid=3053600.3053627},
    address = {New York, New York, USA},
    isbn = {9781450348997},
    doi = {10.1145/3053600.3053627},
    keywords = {benchmarking, microservice architecture, model-driven generation, software performance, software resilience}
}

@article{Kalyanam2018MyGeoHubAGateway,
    title = {{MyGeoHub—A sustainable and evolving geospatial science gateway}},
    year = {2018},
    journal = {Future Generation Computer Systems},
    author = {Kalyanam, Rajesh and Zhao, Lan and Song, Carol and Biehl, Larry and Kearney, Derrick and Kim, I. Luk and Shin, Jaewoo and Villoria, Nelson and Merwade, Venkatesh},
    month = {2},
    url = {http://linkinghub.elsevier.com/retrieve/pii/S0167739X17310087},
    doi = {10.1016/j.future.2018.02.005},
    issn = {0167739X}
}

@article{Nicolaescu2018NearEngineering,
    title = {{Near real-time collaborative modeling for view-based Web information systems engineering}},
    year = {2018},
    journal = {Information Systems},
    author = {Nicolaescu, Petru and Rosenstengel, Mario and Derntl, Michael and Klamma, Ralf and Jarke, Matthias},
    month = {5},
    pages = {23--39},
    volume = {74},
    url = {http://linkinghub.elsevier.com/retrieve/pii/S0306437916305269},
    doi = {10.1016/j.is.2017.07.008},
    issn = {03064379}
}

@article{Varghese2018NextDirections,
    title = {{Next generation cloud computing: New trends and research directions}},
    year = {2018},
    journal = {Future Generation Computer Systems},
    author = {Varghese, Blesson and Buyya, Rajkumar},
    month = {2},
    pages = {849--861},
    volume = {79},
    url = {http://linkinghub.elsevier.com/retrieve/pii/S0167739X17302224},
    doi = {10.1016/j.future.2017.09.020},
    issn = {0167739X}
}

@inproceedings{Nicol2018ODP:John,
    title = {{ODP: An Infrastructure for On-Demand Service Profiling John}},
    year = {2018},
    booktitle = {Proceedings of the 2018 ACM/SPEC International Conference on Performance Engineering - ICPE '18},
    author = {Nicol, John and Li, Chen and Chen, Peinan and Feng, Tao and Ramachandra, Haricharan},
    pages = {139--144},
    publisher = {ACM Press},
    url = {http://dl.acm.org/citation.cfm?doid=3184407.3184433},
    address = {New York, New York, USA},
    isbn = {9781450350952},
    doi = {10.1145/3184407.3184433},
    keywords = {JMX, agent, microservice, on-demand, performance, profiling:profiler, sampling, service}
}

@article{Namiot2014OnArchitecture,
    title = {{On Micro-services Architecture}},
    year = {2014},
    journal = {International Journal of Open Information Technologies},
    author = {Namiot, Dmitry and Sneps-Sneppe, Manfred},
    number = {9},
    pages = {24--27},
    volume = {2},
    doi = {ISSN: 2307-8162},
    keywords = {communications, micro-service, middleware, м 2 м}
}

@article{Fazio2016OpenCloud,
    title = {{Open Issues in Scheduling Microservices in the Cloud}},
    year = {2016},
    journal = {IEEE Cloud Computing},
    author = {Fazio, Maria and Celesti, Antonio and Ranjan, Rajiv and Liu, Chang and Chen, Lydia and Villari, Massimo},
    number = {5},
    month = {9},
    pages = {81--88},
    volume = {3},
    url = {http://ieeexplore.ieee.org/document/7742215/},
    isbn = {2325-6095 VO - 3},
    doi = {10.1109/MCC.2016.112},
    issn = {23256095}
}

@article{Sefraoui2012OpenStack:Computing,
    title = {{OpenStack: Toward an Open-Source Solution for Cloud Computing}},
    year = {2012},
    journal = {International Journal of Computer Applications},
    author = {Sefraoui, Omar and Aissaoui, Mohammed and Eleuldj, Mohsine},
    number = {03},
    pages = {38--42},
    volume = {55},
    isbn = {0975-8887},
    doi = {10.5120/8738-2991},
    keywords = {eucalyptus, iaas, opencloud, opennebula, openstack, scalableifx, virtualization}
}

@article{Hilgert2016OptimizationSystems,
    title = {{Optimization of Individual Travel Behavior through Customized Mobility Services and their Effects on Travel Demand and Transportation Systems}},
    year = {2016},
    journal = {Transportation Research Procedia},
    author = {Hilgert, Tim and Kagerbauer, Martin and Schuster, Thomas and Becker, Christoph},
    pages = {58--69},
    volume = {19},
    url = {http://linkinghub.elsevier.com/retrieve/pii/S2352146516308547},
    doi = {10.1016/j.trpro.2016.12.068},
    issn = {23521465}
}

@incollection{Sturm2017Overview,
    title = {{Overview}},
    year = {2017},
    booktitle = {Application Performance Management (APM) in the Digital Enterprise},
    author = {Sturm, Rick and Pollard, Carol and Craig, Julie},
    pages = {1--9},
    publisher = {Elsevier},
    url = {http://linkinghub.elsevier.com/retrieve/pii/B9780128040188000012},
    doi = {10.1016/B978-0-12-804018-8.00001-2}
}

@inproceedings{Abad2018Package-AwareFunctions,
    title = {{Package-Aware Scheduling of FaaS Functions}},
    year = {2018},
    booktitle = {Companion of the 2018 ACM/SPEC International Conference on Performance Engineering - ICPE '18},
    author = {Abad, Cristina L. and Boza, Edwin F. and van Eyk, Erwin},
    pages = {101--106},
    publisher = {ACM Press},
    url = {http://dl.acm.org/citation.cfm?doid=3185768.3186294},
    address = {Berlin, Germany},
    isbn = {9781450356299},
    doi = {10.1145/3185768.3186294},
    keywords = {cloud computing, functions-as-a-service, load balancing, scheduling, serverless computing}
}

@article{Gribaudo2018PerformanceArchitectures,
    title = {{Performance Evaluation of Replication Policies in Microservice Based Architectures}},
    year = {2018},
    journal = {Electronic Notes in Theoretical Computer Science},
    author = {Gribaudo, Marco and Iacono, Mauro and Manini, Daniele},
    month = {5},
    pages = {45--65},
    volume = {337},
    publisher = {Elsevier},
    doi = {10.1016/J.ENTCS.2018.03.033}
}

@inproceedings{Selimi2017PracticalArchitecture,
    title = {{Practical Service Placement Approach for Microservices Architecture}},
    year = {2017},
    booktitle = {Proceedings - 2017 17th IEEE/ACM International Symposium on Cluster, Cloud and Grid Computing, CCGRID 2017},
    author = {Selimi, Mennan and Cerda-Alabern, Llorenc and Sanchez-Artigas, Marc and Freitag, Felix and Veiga, Luis},
    month = {5},
    pages = {401--410},
    publisher = {IEEE},
    url = {http://ieeexplore.ieee.org/document/7973726/},
    isbn = {9781509066100},
    doi = {10.1109/CCGRID.2017.28},
    keywords = {community networks, micro-clouds, service placement}
}

@inproceedings{Gong2010PRESS:Systems,
    title = {{PRESS: PRedictive Elastic reSource Scaling for cloud systems}},
    year = {2010},
    booktitle = {Proceedings of the 2010 International Conference on Network and Service Management, CNSM 2010},
    author = {Gong, Zhenhuan and Gu, Xiaohui and Wilkes, John},
    month = {10},
    pages = {9--16},
    publisher = {IEEE},
    address = {Niagara Falls, ON, Canada, Canada},
    isbn = {9781424489084},
    doi = {10.1109/CNSM.2010.5691343}
}

@incollection{Erder2016PrinciplesArchitecture,
    title = {{Principles of Continuous Architecture}},
    year = {2016},
    booktitle = {Continuous Architecture},
    author = {Erder, Murat and Pureur, Pierre},
    pages = {21--37},
    publisher = {Elsevier},
    url = {http://linkinghub.elsevier.com/retrieve/pii/B9780128032848000026},
    doi = {10.1016/B978-0-12-803284-8.00002-6}
}

@article{Akobeng2005PrinciplesMedicine.,
    title = {{Principles of evidence based medicine.}},
    year = {2005},
    journal = {Archives of disease in childhood},
    author = {Akobeng, A K},
    number = {8},
    month = {8},
    pages = {837--40},
    volume = {90},
    publisher = {BMJ Publishing Group Ltd},
    doi = {10.1136/adc.2005.071761},
    pmid = {16040884}
}

@inproceedings{Heidari2017QoSSurvey,
    title = {{QoS assurance with light virtualization - A survey}},
    year = {2017},
    booktitle = {Proceedings of the International Conference on Cloud Computing Technology and Science, CloudCom},
    author = {Heidari, Parisa and Lemieux, Yves and Shami, Abdallah},
    month = {12},
    pages = {558--563},
    publisher = {IEEE},
    url = {http://ieeexplore.ieee.org/document/7830738/},
    address = {Luxembourg City, Luxembourg},
    isbn = {9781509014453},
    doi = {10.1109/CloudCom.2016.0097},
    issn = {23302186},
    keywords = {Aurora, Cloud Computing, Fleet, Kubernetes, Light virtualization, Linux Container, Marathon, Mesos, Quality of Service (QoS), Swarm}
}

@incollection{Furda2017ReengineeringMultitenancy,
    title = {{Reengineering Data-Centric Information Systems for the Cloud – A Method and Architectural Patterns Promoting Multitenancy}},
    year = {2017},
    booktitle = {Software Architecture for Big Data and the Cloud},
    author = {Furda, Andrei and Fidge, Colin and Barros, Alistair and Zimmermann, Olaf},
    pages = {227--251},
    publisher = {Elsevier},
    url = {http://linkinghub.elsevier.com/retrieve/pii/B9780128054673000132},
    doi = {10.1016/B978-0-12-805467-3.00013-2}
}

@article{Helu2017ReferenceThread,
    title = {{Reference architecture to integrate heterogeneous manufacturing systems for the digital thread}},
    year = {2017},
    journal = {CIRP Journal of Manufacturing Science and Technology},
    author = {Helu, Moneer and Hedberg, Thomas and Barnard Feeney, Allison},
    month = {11},
    pages = {191--195},
    volume = {19},
    url = {http://linkinghub.elsevier.com/retrieve/pii/S175558171730010X},
    doi = {10.1016/j.cirpj.2017.04.002},
    issn = {17555817}
}

@inproceedings{Francesco2017ResearchAdoption,
    title = {{Research on Architecting Microservices: Trends, Focus, and Potential for Industrial Adoption}},
    year = {2017},
    booktitle = {2017 IEEE International Conference on Software Architecture (ICSA)},
    author = {Francesco, Paolo Di and Malavolta, Ivano and Lago, Patricia},
    month = {4},
    pages = {21--30},
    publisher = {IEEE},
    url = {http://ieeexplore.ieee.org/document/7930195/},
    isbn = {978-1-5090-5729-0},
    doi = {10.1109/ICSA.2017.24}
}

@article{Ciptaningtyas2017ResourceApplications,
    title = {{Resource Elasticity Controller for Docker-based Web Applications}},
    year = {2017},
    author = {Ciptaningtyas, Henning Titi and Santoso, Bagus Jati and Razi, Muhammad Fahrur},
    pages = {193--196},
    isbn = {9781538628270}
}

@inproceedings{Spinner2014RuntimeEstimation,
    title = {{Runtime Vertical Scaling of Virtualized Applications via Online Model Estimation}},
    year = {2014},
    booktitle = {2014 IEEE Eighth International Conference on Self-Adaptive and Self-Organizing Systems},
    author = {Spinner, Simon and Kounev, Samuel and Zhu, Xiaoyun and Lu, Lei and Uysal, Mustafa and Holler, Anne and Griffith, Rean},
    month = {9},
    pages = {157--166},
    publisher = {IEEE},
    address = {London, UK},
    isbn = {978-1-4799-5367-7},
    doi = {10.1109/SASO.2014.29},
    keywords = {application performance management, auto-scaling, resource demand estimation, vertical scaling, virtualization}
}

@article{Piccialli2018S-InTime:System,
    title = {{S-InTime: A social cloud analytical service oriented system}},
    year = {2018},
    journal = {Future Generation Computer Systems},
    author = {Piccialli, Francesco and Benedusi, Paolo and Amato, Flora},
    month = {3},
    pages = {229--241},
    volume = {80},
    url = {http://linkinghub.elsevier.com/retrieve/pii/S0167739X16307397},
    doi = {10.1016/j.future.2016.12.007},
    issn = {0167739X}
}

@article{Chung2017ServingBrainwave,
    title = {{Serving DNNs in Real Time at Datacenter Scale with Project Brainwave}},
    year = {2017},
    journal = {Hot Chips 29},
    author = {Chung, Eric and Fowers, Jeremy and Ovtcharov, Kalin and Massengill, Todd and Liu, Ming and Lo, Daniel and Haselman, Michael and Abeydeera, Maleen and Angepat, Hari and Boehn, Christian and Firestein, Oren and Forin, Alessandro and Su, Kang and Ghandi, Mahdi and Heil, Stephen and Holohan, Kyle and Husseini, Ahmad El and Kagi, Kara and Ratna, K and Lanka, Sitaram and Perez, Brandon and Rapsang, Grace and Steven, K and Shekar, Sangeetha and Sridharan, Balaji and Woods, Lisa and Xiao, Yi and Zhang, Dan},
    number = {2},
    month = {3},
    pages = {8--20},
    volume = {38},
    url = {http://ieeexplore.ieee.org/document/8344479/},
    doi = {10.1109/MM.2018.022071131},
    issn = {0272-1732}
}

@article{Thalheim2017Sieve:Microservices,
    title = {{Sieve: Actionable Insights from Monitored Metrics in Microservices}},
    year = {2017},
    journal = {Proceedings of the 18th ACM/IFIP/USENIX Middleware Conference on - Middleware '17},
    author = {Thalheim, Jörg and Rodrigues, Antonio and Akkus, Istemi Ekin and Bhatotia, Pramod and Chen, Ruichuan and Viswanath, Bimal and Jiao, Lei and Fetzer, Christof},
    pages = {14--27},
    publisher = {ACM Press},
    url = {http://dl.acm.org/citation.cfm?doid=3135974.3135977 http://arxiv.org/abs/1709.06686},
    address = {Las Vegas, Nevada},
    isbn = {9781450347204},
    doi = {10.1145/3135974.3135977},
    arxivId = {1709.06686}
}

@article{Almeida2017SurveyEnvironment,
    title = {{Survey on Microservice Architecture-Security, Privacy and Standardization on Cloud Computing Environment}},
    year = {2017},
    journal = {ICSEA 2017},
    author = {Almeida, WHC and Monteiro, L de Aguiar and {\ldots}, RR Hazin - ICSEA and 2017, undefined},
    pages = {199--205}
}

@inproceedings{Knoche2016SustainingMicroservices,
    title = {{Sustaining Runtime Performance while Incrementally Modernizing Transactional Monolithic Software towards Microservices}},
    year = {2016},
    booktitle = {Proceedings of the 7th ACM/SPEC on International Conference on Performance Engineering - ICPE '16},
    author = {Knoche, Holger},
    pages = {121--124},
    publisher = {ACM Press},
    url = {http://dl.acm.org/citation.cfm?doid=2851553.2892039},
    address = {New York, New York, USA},
    isbn = {9781450340809},
    doi = {10.1145/2851553.2892039},
    keywords = {microservices, software modernization}
}

@book{Petticrew2006SystematicSciences,
    title = {{Systematic Reviews in the Social Sciences}},
    year = {2006},
    author = {Petticrew, Mark and Roberts, Helen},
    month = {1},
    pages = {354},
    publisher = {Blackwell Publishing Ltd},
    address = {Oxford, UK},
    isbn = {9780470754887},
    doi = {10.1002/9780470754887},
    pmid = {20155},
    arxivId = {arXiv:1011.1669v3}
}

@article{2018TableContents,
    title = {{Table of Contents}},
    year = {2018},
    journal = {Procedia Computer Science},
    pages = {iii-xi},
    volume = {130},
    url = {http://linkinghub.elsevier.com/retrieve/pii/S1877050918305374},
    doi = {10.1016/S1877-0509(18)30537-4},
    issn = {18770509}
}

@article{Gan2018TheMicroservices,
    title = {{The Architectural Implications of Cloud Microservices}},
    year = {2018},
    journal = {IEEE Computer Architecture Letters},
    author = {Gan, Yu and Delimitrou, Christina},
    number = {c},
    pages = {1--4},
    volume = {6056},
    url = {https://ieeexplore.ieee.org/document/8362750/},
    doi = {10.1109/LCA.2018.2839189},
    issn = {1556-6056}
}

@book{MartinL.Abbott2015TheLivros,
    title = {{The Art of Scalability: Scalable Web Architecture, Processes, and ... - Martin L. Abbott, Michael T. Fisher - Google Livros}},
    year = {2015},
    author = {Martin L. Abbott, Michael T. Fisher},
    pages = {624},
    publisher = {Pearson Education},
    address = {Boston}
}

@incollection{Plale2017TheData,
    title = {{The Centrality of Data}},
    year = {2017},
    booktitle = {Data Analytics for Intelligent Transportation Systems},
    author = {Plale, Beth and Kouper, Inna},
    pages = {91--111},
    publisher = {Elsevier},
    url = {http://linkinghub.elsevier.com/retrieve/pii/B9780128097151000043},
    doi = {10.1016/B978-0-12-809715-1.00004-3}
}

@inproceedings{Kecskemeti2016TheMicroservices,
    title = {{The ENTICE approach to decompose monolithic services into microservices}},
    year = {2016},
    booktitle = {2016 International Conference on High Performance Computing and Simulation, HPCS 2016},
    author = {Kecskemeti, Gabor and Marosi, Attila Csaba and Kertesz, Attila},
    month = {7},
    pages = {591--596},
    publisher = {IEEE},
    url = {http://ieeexplore.ieee.org/document/7568389/},
    isbn = {9781509020881},
    doi = {10.1109/HPCSim.2016.7568389},
    keywords = {cloud computing, microservices, service oriented architectures, virtual machine images}
}

@techreport{ArmenioJohnson2009The1.3,
    title = {{The EPCglobal Architecture Framework EPCglobal Final Version 1.3}},
    year = {2009},
    author = {Armenio Johnson, Felice and FArmeni, Johnson},
    url = {www.epcglobalinc.org},
    institution = {GS1}
}

@inproceedings{Nurmi2009TheSystem,
    title = {{The Eucalyptus Open-Source Cloud-Computing System}},
    year = {2009},
    booktitle = {2009 9th IEEE/ACM International Symposium on Cluster Computing and the Grid},
    author = {Nurmi, Daniel and Wolski, Rich and Grzegorczyk, Chris and Obertelli, Graziano and Soman, Sunil and Youseff, Lamia and Zagorodnov, Dmitrii},
    pages = {124--131},
    publisher = {IEEE},
    address = {Shanghai, China},
    isbn = {978-1-4244-3935-5},
    doi = {10.1109/CCGRID.2009.93},
    keywords = {cloud computing, virtualization}
}

@incollection{Broyles2016TheInfrastructure,
    title = {{The Evolving Health Information Infrastructure}},
    year = {2016},
    booktitle = {Health Information Exchange},
    author = {Broyles, David and Dixon, Brian E. and Crichton, Ryan and Biondich, Paul and Grannis, Shaun J.},
    pages = {107--122},
    publisher = {Elsevier},
    url = {http://linkinghub.elsevier.com/retrieve/pii/B9780128031353000074},
    doi = {10.1016/B978-0-12-803135-3.00007-4}
}

@article{Killalea2016TheMicroservices,
    title = {{The hidden dividends of microservices}},
    year = {2016},
    journal = {Communications of the ACM},
    author = {Killalea, Tom},
    number = {8},
    month = {7},
    pages = {42--45},
    volume = {59},
    publisher = {ACM},
    url = {http://dl.acm.org/citation.cfm?doid=2975594.2948985},
    doi = {10.1145/2948985},
    issn = {00010782}
}

@incollection{Gray2016TheManagement,
    title = {{The NFV Infrastructure Management}},
    year = {2016},
    booktitle = {Network Function Virtualization},
    author = {Gray, Ken and Nadeau, Thomas D.},
    pages = {103--125},
    publisher = {Elsevier},
    url = {http://linkinghub.elsevier.com/retrieve/pii/B9780128021194000055},
    doi = {10.1016/B978-0-12-802119-4.00005-5}
}

@techreport{Mell2011TheComputing,
    title = {{The NIST definition of cloud computing}},
    year = {2011},
    author = {Mell, P M and Grance, T},
    pages = {7},
    institution = {National Institute of Standards and Technology},
    address = {Gaithersburg, MD},
    isbn = {1047-6210},
    doi = {10.6028/NIST.SP.800-145},
    arxivId = {2305-0543},
    keywords = {Cloud Computing, IaaS, Infrastructure as a Service, Measured Service, On-demand Self Service, PaaS, Platform as a Service, Rapid Elasticity, Reserve Pooling, SaaS, Software as a Service}
}

@article{Syed2017ThePattern,
    title = {{The Software Container Manager Pattern}},
    year = {2017},
    journal = {EuroPLoP},
    author = {Syed, Madiha H. and Syed, Madiha H. and Fernandez, Eduardo B.},
    pages = {1--9},
    publisher = {ACM Press},
    url = {http://dl.acm.org/citation.cfm?doid=3147704.3147735 http://delivery.acm.org/10.1145/3150000/3147735/a28-Syed.pdf?ip=129.186.252.23&id=3147735&acc=ACTIVE SERVICE&key=B63ACEF81C6334F5.BC2F47327A8E8D08.4D4702B0C3E38B35.4D4702B0C3E38B35&__acm__=1516292344_73a},
    address = {New York, New York, USA},
    isbn = {9781450348485},
    doi = {10.1145/3147704.3147735},
    keywords = {Categories and Subject Descriptors, D211 [Software Engineering], Design Additional Key Words and Phrases, Software Architectures -Patterns General Terms, architecture patterns, cloud ecosystem, clouds, container cluster management, container ecosystem, microservices ACM Reference Format, security, security patterns, software containers, virtualization}
}

@article{Hu2016TopoLens:Datasets,
    title = {{TopoLens: Building a CyberGIS Community Data Service for Enhancing the Usability of High-resolution National Topographic Datasets}},
    year = {2016},
    journal = {Proceedings of the XSEDE16 Conference on Diversity, Big Data, and Science at Scale},
    author = {Hu, Hao and Hong, Xingchen and Terstriep, Jeff and Liu, Yan Y. and Finn, Michael P. and Rush, Johnathan and Wendel, Jeffrey and Wang, Shaowen},
    pages = {39:1--39:8},
    publisher = {ACM Press},
    url = {http://dl.acm.org/citation.cfm?doid=2949550.2949652 http://doi.acm.org/10.1145/2949550.2949652},
    address = {New York, New York, USA},
    isbn = {978-1-4503-4755-6},
    doi = {10.1145/2949550.2949652},
    keywords = {CyberGIS, data sharing, elevation data, geospatial big data, microservices, web-based gateway environment}
}

@inproceedings{Debab2016TowardsKernels,
    title = {{Towards a more reliable and robust Cloud Meta-Operating System based on heterogeneous kernels}},
    year = {2016},
    booktitle = {Proceedings of the International Conference on Big Data and Advanced Wireless Technologies - BDAW '16},
    author = {Debab, Ramzi and Hidouci, Walid-Khaled},
    pages = {1--13},
    publisher = {ACM Press},
    url = {http://dl.acm.org/citation.cfm?doid=3010089.3010092},
    address = {New York, New York, USA},
    isbn = {9781450347792},
    doi = {10.1145/3010089.3010092},
    keywords = {Containers, Docker, Microservices, Mission critical and intensive applications, Monolithic Kernels, Operating Systems, System calls, Virtualization, Web Services}
}

@article{Russo2017TowardsArchitectures,
    title = {{Towards Antifragile Software Architectures}},
    year = {2017},
    journal = {Procedia Computer Science},
    author = {Russo, Daniel and Ciancarini, Paolo},
    pages = {929--934},
    volume = {109},
    url = {http://linkinghub.elsevier.com/retrieve/pii/S1877050917311079},
    doi = {10.1016/j.procs.2017.05.426},
    issn = {18770509}
}

@inproceedings{Schulz2018TowardsEngineering,
    title = {{Towards Automating Representative Load Testing in Continuous Software Engineering}},
    year = {2018},
    booktitle = {Companion of the 2018 ACM/SPEC International Conference on Performance Engineering},
    author = {Schulz, Henning and Angerstein, Tobias and van Hoorn, André},
    pages = {123--126},
    publisher = {ACM Press},
    url = {http://dl.acm.org/citation.cfm?doid=3185768.3186288 http://doi.acm.org/10.1145/3185768.3186288},
    address = {New York, New York, USA},
    isbn = {978-1-4503-5629-9},
    doi = {10.1145/3185768.3186288},
    keywords = {continuous delivery, continuous integration, continuous software engineering, devops, load testing, microservices, performance, workload modeling}
}

@inproceedings{Kalra2018TowardsApplications,
    title = {{Towards Dynamic Tenant Management for Microservice based Multi-Tenant SaaS Applications}},
    year = {2018},
    booktitle = {Proceedings of the 11th Innovations in Software Engineering Conference on - ISEC '18},
    author = {Kalra, Sumit and Prabhakar, T. V.},
    pages = {1--5},
    publisher = {ACM Press},
    url = {http://dl.acm.org/citation.cfm?doid=3172871.3172882},
    address = {New York, New York, USA},
    isbn = {9781450363983},
    doi = {10.1145/3172871.3172882},
    keywords = {Cloud computing, Micro service, Multi-tenant, Tenant management}
}

@inproceedings{Moore2013TransformingAuto-scaling,
    title = {{Transforming reactive auto-scaling into proactive auto-scaling}},
    year = {2013},
    booktitle = {Proceedings of the 3rd International Workshop on Cloud Data and Platforms - CloudDP '13},
    author = {Moore, Laura R. and Bean, Kathryn and Ellahi, Tariq},
    pages = {7--12},
    publisher = {ACM Press},
    address = {New York, New York, USA},
    isbn = {9781450320757},
    doi = {10.1145/2460756.2460758},
    keywords = {auto-scaling, cloud com-, elasticity, platform-as-a-service, predictive, puting}
}

@inproceedings{Loff2017TransparentConsistency,
    title = {{Transparent cross-system consistency}},
    year = {2017},
    booktitle = {Proceedings of the 3rd International Workshop on Principles and Practice of Consistency for Distributed Data - PaPoC'17},
    author = {Loff, João and Porto, Daniel and Baquero, Carlos and Garcia, João and Pregui{\c{c}}a, Nuno and Rodrigues, Rodrigo},
    pages = {1--4},
    publisher = {ACM Press},
    url = {http://dl.acm.org/citation.cfm?doid=3064889.3064898},
    address = {New York, New York, USA},
    isbn = {9781450349338},
    doi = {10.1145/3064889.3064898},
    keywords = {Causality, Consistency, Coordination, Microservices}
}

@article{Schmidt2017UniprofProfiler,
    title = {{uniprof : A Unikernel Stack Profiler}},
    year = {2017},
    journal = {SIGCOMM Posters and Demos},
    author = {Schmidt, Florian and Schmidt, Florian},
    pages = {31--33},
    publisher = {ACM Press},
    url = {http://dl.acm.org/citation.cfm?doid=3123878.3131976},
    address = {New York, New York, USA},
    isbn = {9781450350570},
    doi = {10.1145/3123878.3131976},
    keywords = {Xen, call stack profiling, introspection, unikerne}
}

@article{Alvertis2016UserProcesses,
    title = {{User Involvement in Software Development Processes}},
    year = {2016},
    journal = {Procedia Computer Science},
    author = {Alvertis, Iosif and Koussouris, Sotiris and Papaspyros, Dimitris and Arvanitakis, Evangelos and Mouzakitis, Spiros and Franken, Sebastian and Kolvenbach, Sabine and Prinz, Wolgang},
    pages = {73--83},
    volume = {97},
    url = {http://linkinghub.elsevier.com/retrieve/pii/S1877050916320981},
    doi = {10.1016/j.procs.2016.08.282},
    issn = {18770509}
}

@inproceedings{Loff2014Vadara:Applications,
    title = {{Vadara: Predictive Elasticity for Cloud Applications}},
    year = {2014},
    booktitle = {2014 IEEE 6th International Conference on Cloud Computing Technology and Science},
    author = {Loff, Joao and Garcia, Joao},
    number = {February},
    month = {12},
    pages = {541--546},
    publisher = {IEEE},
    address = {Singapore, Singapore},
    isbn = {978-1-4799-4093-6},
    doi = {10.1109/CloudCom.2014.161},
    keywords = {Cloud computing, Cloud monitoring, Demand forecasting, Elasticity, Ensemble forecasting}
}

@article{Waye2017Whip:Services,
    title = {{Whip: higher-order contracts for modern services}},
    year = {2017},
    journal = {Proc. ACM Program. Lang.},
    author = {Waye, Lucas and Chong, Stephen and Dimoulas, Christos},
    number = {ICFP},
    month = {8},
    pages = {1--28},
    volume = {1},
    publisher = {ACM},
    url = {http://dl.acm.org/citation.cfm?doid=3136534.3110280},
    doi = {10.1145/3110280},
    issn = {24751421},
    keywords = {contracts, microservices, services}
}